<?xml version="1.0" encoding="UTF-8"?><collection xmlns="http://www.loc.gov/MARC21/slim"><record><leader>00532nam--2200169-i-4500</leader><controlfield tag="001">000001725</controlfield><controlfield tag="002">20161230</controlfield><controlfield tag="005">20161230201024</controlfield><controlfield tag="008">060222s1000------------r-----000-0-eng-d</controlfield><datafield ind1=" " ind2=" " tag="040"><subfield code="a">IFIN-HH</subfield></datafield><datafield ind1=" " ind2=" " tag="080"><subfield code="a">539.12.134(083.3)</subfield></datafield><datafield ind1="1" ind2=" " tag="100"><subfield code="a">Dolan, Kenneth William</subfield></datafield><datafield ind1="1" ind2="0" tag="245"><subfield code="a">Gamma-ray energy, branching ratio, and lifetime measurements in ca40</subfield><subfield code="b">Dissertation</subfield><subfield code="c">Kenneth william dolan</subfield></datafield><datafield ind1=" " ind2=" " tag="260"><subfield code="a">Ann Arbor, Michigan</subfield><subfield code="b">University Microfilms, Inc</subfield><subfield code="c">1968</subfield></datafield><datafield ind1=" " ind2=" " tag="300"><subfield code="a">X + 115 P</subfield></datafield><datafield ind1=" " ind2=" " tag="852"><subfield code="a">33673</subfield><subfield code="c">539.16</subfield></datafield><datafield ind1=" " ind2=" " tag="CAT"><subfield code="a">Sys</subfield><subfield code="c">20120515</subfield><subfield code="h">095144</subfield></datafield></record></collection>